<?xml version='1.0' encoding='utf-8'?>
<record xmlns="http://www.loc.gov/MARC21/slim" xmlns:xsi="http://www.w3.org/2001/XMLSchema-instance">
  <leader>00000cas^a2200313^a^4500</leader>
  <controlfield tag="001">006813860</controlfield>
  <controlfield tag="005">20110609091059.0</controlfield>
  <controlfield tag="008">950216c19909999miuwr^ne^^^^^^0^^^^0ger^d</controlfield>
  <datafield tag="010" ind1=" " ind2=" ">
    <subfield code="a">sn 95067018</subfield>
  </datafield>
  <datafield tag="035" ind1=" " ind2=" ">
    <subfield code="a">(OCoLC)32000983</subfield>
  </datafield>
  <datafield tag="035" ind1=" " ind2=" ">
    <subfield code="a">(OCoLC)ocm32000983</subfield>
  </datafield>
  <datafield tag="040" ind1=" " ind2=" ">
    <subfield code="a">NVF</subfield>
    <subfield code="c">NVF</subfield>
    <subfield code="d">OCL</subfield>
    <subfield code="d">OCLCQ</subfield>
    <subfield code="d">DLC</subfield>
    <subfield code="d">BEU</subfield>
    <subfield code="d">MiU-H</subfield>
  </datafield>
  <datafield tag="041" ind1="0" ind2=" ">
    <subfield code="a">ger</subfield>
  </datafield>
  <datafield tag="042" ind1=" " ind2=" ">
    <subfield code="a">lcd</subfield>
  </datafield>
  <datafield tag="043" ind1=" " ind2=" ">
    <subfield code="a">n-us-mi</subfield>
  </datafield>
  <datafield tag="049" ind1=" " ind2=" ">
    <subfield code="a">BEUA</subfield>
  </datafield>
  <datafield tag="050" ind1="0" ind2="0">
    <subfield code="a">Newspaper</subfield>
  </datafield>
  <datafield tag="245" ind1="0" ind2="0">
    <subfield code="a">Nordamerikanische Wochen-Post.</subfield>
  </datafield>
  <datafield tag="246" ind1="1" ind2=" ">
    <subfield code="a">Wochen-post</subfield>
  </datafield>
  <datafield tag="260" ind1=" " ind2=" ">
    <subfield code="a">Troy, MI :</subfield>
    <subfield code="b">Detroiter Abend-Post Pub. Co.,</subfield>
    <subfield code="c">1990-</subfield>
  </datafield>
  <datafield tag="300" ind1=" " ind2=" ">
    <subfield code="a">v. :</subfield>
    <subfield code="b">ill. (some col.) ;</subfield>
    <subfield code="c">58 cm.</subfield>
  </datafield>
  <datafield tag="310" ind1=" " ind2=" ">
    <subfield code="a">Weekly</subfield>
  </datafield>
  <datafield tag="362" ind1="0" ind2=" ">
    <subfield code="a">16 Juni 1990-</subfield>
  </datafield>
  <datafield tag="500" ind1=" " ind2=" ">
    <subfield code="a">Latest issue consulted: 150th year, no. 235889 (Dec. 28, [2004]/Jan. 3, 200[5]).</subfield>
  </datafield>
  <datafield tag="530" ind1=" " ind2=" ">
    <subfield code="a">Also available on microfilm from the Library of Congress, Photoduplication Service.</subfield>
  </datafield>
  <datafield tag="546" ind1=" " ind2=" ">
    <subfield code="a">In German.</subfield>
  </datafield>
  <datafield tag="650" ind1=" " ind2="0">
    <subfield code="a">Germans</subfield>
    <subfield code="z">United States</subfield>
    <subfield code="v">Newspapers.</subfield>
  </datafield>
  <datafield tag="650" ind1=" " ind2="0">
    <subfield code="a">Germans</subfield>
    <subfield code="z">Michigan</subfield>
    <subfield code="v">Newspapers.</subfield>
  </datafield>
  <datafield tag="650" ind1=" " ind2="0">
    <subfield code="a">German Americans</subfield>
    <subfield code="z">Michigan</subfield>
    <subfield code="v">Periodicals.</subfield>
  </datafield>
  <datafield tag="651" ind1=" " ind2="0">
    <subfield code="a">Oakland County (Mich.)</subfield>
    <subfield code="v">Newspapers.</subfield>
  </datafield>
  <datafield tag="651" ind1=" " ind2="0">
    <subfield code="a">Troy (Mich.)</subfield>
    <subfield code="v">Newspapers.</subfield>
  </datafield>
  <datafield tag="690" ind1=" " ind2="4">
    <subfield code="a">Newspapers</subfield>
    <subfield code="y">1981-1990</subfield>
    <subfield code="z">Michigan</subfield>
    <subfield code="z">Troy.</subfield>
  </datafield>
  <datafield tag="690" ind1=" " ind2="4">
    <subfield code="a">Newspapers</subfield>
    <subfield code="y">1991-2000</subfield>
    <subfield code="z">Michigan</subfield>
    <subfield code="z">Troy.</subfield>
  </datafield>
  <datafield tag="752" ind1=" " ind2=" ">
    <subfield code="a">United States</subfield>
    <subfield code="b">Michigan</subfield>
    <subfield code="c">Oakland</subfield>
    <subfield code="d">Troy.</subfield>
  </datafield>
  <datafield tag="780" ind1="0" ind2="0">
    <subfield code="t">Nordamerikanische Wochen-Post und Detroiter Abend-Post.</subfield>
    <subfield code="w">(OCoLC)11081672</subfield>
  </datafield>
  <datafield tag="780" ind1="0" ind2="5">
    <subfield code="t">Abendpost und Milwaukee deutsche Zeitung (Chicago, Ill.).</subfield>
    <subfield code="w">(DLC)sn 83045769</subfield>
    <subfield code="w">(OCoLC)9642195</subfield>
  </datafield>
  <datafield tag="780" ind1="0" ind2="5">
    <subfield code="t">Sonntagpost und Milwaukee deutsche Zeitung (Chicago, Ill.).</subfield>
    <subfield code="w">(DLC)sn 83045785.</subfield>
    <subfield code="w">(OCoLC)9642226</subfield>
  </datafield>
  <datafield tag="852" ind1="8" ind2=" ">
    <subfield code="a">MiU-H</subfield>
    <subfield code="b">BENT</subfield>
    <subfield code="h">2011078 Aa 2</subfield>
  </datafield>
  <datafield tag="997" ind1=" " ind2=" ">
    <subfield code="a">MARS</subfield>
  </datafield>
  <datafield tag="955" ind1=" " ind2=" ">
    <subfield code="b">BENT</subfield>
    <subfield code="p">B3416145</subfield>
    <subfield code="z">Sept.26/Oct.2, 2004</subfield>
  </datafield>
  <datafield tag="955" ind1=" " ind2=" ">
    <subfield code="b">BENT</subfield>
    <subfield code="p">B4638428</subfield>
  </datafield>
</record>
